@article{choi10,
    author  = "J.W. Choi AND R. E. Curry AND G.H.",
    title   = "Real-Time Obstacle-Avoiding Path Planning for Mobile Robots",
    year    = "2010",
    journal = "Proceedings of the AIAA Guidance, Navigation and control Conference",
}
@article{dijkstra59,
    author  = "E. W. Dijkstra",
    title   = "A Note on Two Problems in Connection with Graphs",
    year    = "1959",
    journal = "Numerische Mathematik",
    volume  = "20",
    number  = "4",
    pages   = "269--271"
}
@article{elshamli04,
    author  = "A. Elshamli AND H. A. Abdullah AND S. Areibi",
    title   = "Genetic Algorithm for Dynamic Path Planning",
    year    = "2004",
    journal = "Canadian Conference on Electrical and Computer Engineering, IEEE",
    volume  = "2",
    pages   = "667--680"
}
@article{goldberg88,
    author  = "D. E. Goldberg AND J. H. Holland",
    title   = "Genetic Algorithms and Machine Learning",
    year    = "1988",
    journal = "Machine Learning",
    volume  = "3",
    number  = "2",
    pages   = "95--99"
}
@article{gulsen95,
    author  = "M. Gulsen AND A. E. Smith AND D. M. Tate",
    title   = "A Genetic Algorithm Approach to Curve Fitting",
    year    = "1995",
    journal = "International Journal of Production Research",
    volume  = "33",
    number  = "7",
    pages   = "1911--1923"
}
@article{hsu03,
    author  = "D. Hsu AND T. Jiang AND J. Reif AND Z. Sun",
    title   = "The Bridge Test for Sampling Narrow Passages with Probabilistic Roadmap Planner",
    year    = "2003",
    journal = "IEEE International Conference on Robotics and Automation, Proceedings",
    volume  = "3",
    pages   = "4420--4426"
}
@article{ismail08,
    author  = "A. T. Ismail AND A. Sheta AND M. Al-Weshah",
    title   = "A Mobile Robot Path Planning Using Genetic Algorithm in Static Environment",
    year    = "2008",
    journal = "Journal of Computer Science",
    volume  = "4",
    number  = "4",
    pages   = "341--344"
}
@book{karr91,
    author  = "C. L. Karr AND D. A. Stanley AND B. J. Scheiner",
    title   = "Genetic Algorithm Applied to Least Squares Curve Fitting",
    year    = "1991",
	publisher = "US Department of the Interior, Bureau of Mines"
}
@article{kavraki96,
    author  = "Kavraki, L.E. AND Svestka, P.AND Latombe, J. C.AND Overmars, M.H.",
    title   = "Probabilistic Roadmaps for Path Planning in High-Dimensional Configuration Spaces",
    year    = "1996",
    journal = "IEEE Transactions on Robotics and Automation",
    volume  = "12",
    number  = "4",
    pages   = "556--580"
}
@article{khosla88,
    author  = "Khosla, R AND Volpe, P",
    title   = "Superquadric Artificial Potentials for Obstacle Avoidance and Approach",
    year    = "1988",
    journal = "IEEE International Conference on Robotics and Automation, Proceedings",
    pages   = "1778--1784"
}
@article{koren91,
    author  = "Koren, Y AND Borenstein, J",
    title   = "Potential Field Methods and Their Inherent Limitations for Mobile Robot Navigation",
    year    = "1991",
    journal = "IEEE International Conference on Robotics and Automation, Proceedings",
    pages   = "1398--1404"
}
@article{lingelbach04,
    author  = "Lingelbach, F.",
    title   = "Path Planning using Probabilistic Cell Decomposition",
    year    = "2004",
    journal = "IEEE International Conference on Robotics and Automation, Proceedings",
    volume  = "1",
    pages   = "467--472"
}
@article{renner03,
    author  = "Renner, G. AND Ekart, A.",
    title   = "Genetic Algorithms in Computer-Aided Design",
    year    = "2003",
    journal = "Computer-Aided Design",
    volume  = "35",
    number  = "8",
    pages   = "709--726"
}
@article{rimon92,
    author  = "Rimon, E AND Doditschek, D.E.",
    title   = "Exact Robot Navigation using Artificial Potential Fields",
    year    = "1992",
    journal = "IEEE Transactions on Robotics and Automation",
    volume  = "8",
    number  = "5",
    pages   = "501--518"
}
@article{rodriguez06,
    author  = "Rodriguez, S. AND Xinyu, T. AND Jyh-Ming, L. AND Amato, N.M.",
    title   = "An Obstacle-Based Rapidly-Exploring Random Tree",
    year    = "2006",
    journal = "IEEE International Conference on Robotics and Automation, Proceedings",
    pages   = "15--19"
}
@article{sariff06,
    author  = "Sariff, N. AND Buniyamin, N.",
    title   = "An Overview of Autonomous Mobile Robot Path Planning Algorithms",
    year    = "2006",
    journal = "IEEE 4th Student Conference on Research and Development, SCORed",
    pages   = "183-188"
}
@article{sharir89,
    author  = "Sharir, M",
    title   = "Algorithmic Motion Planning in Robotics",
    year    = "1989",
    journal = "Computer",
    volume  = "22",
    number  = "3",
    pages   = "9--19"
}
@book{waslanderI,
    author  = "Waslander, S.",
    title   = "ME597: Autonomous Mobile Robotics - Section 8: Planning I (Course notes)",
    year    = "2012",
    publisher = "University of Waterloo"
}
@book{waslanderIII,
    author  = "Waslander, S.",
    title   = "ME597: Autonomous Mobile Robotics - Section 8: Planning III (Course notes)",
    year    = "2012",
    publisher = "University of Waterloo"
}
@article{yang00,
    author  = "Yang, S.X. AND Meng, M",
    title   = "An Efficient Neural Network Approach to Dynamic Robot Motion Planning",
    year    = "2000",
    journal = "Neural Networks",
    volume  = "13",
    number  = "2",
    pages   = "143--148"
}
@article{zou12,
    author  = "Zou, X. AND Ge, B. AND Sun, P.",
    title   = "Improved Genetic Algorithm for Dynamic Path Planning",
    year    = "2012",
    journal = "International Journal of Information and Computer Science",
    volume  = "1",
    number  = "2",
}